@article{opt-nph,
	author={J. M. Robson},
	title={Storage allocation is NP-Hard},
	journal={Information Processing Letters},
	volume={11},
	number={3},
	pages={119--125},
	year={1980},
}

@inproceedings{bonwick1994slab,
  title={The slab allocator: An object-caching kernel memory allocator.},
  author={Bonwick, Jeff and others},
  booktitle={USENIX summer},
  volume={16},
  year={1994},
  organization={Boston, MA, USA}
}

@book{Bryant:2015:CSP:2846227,
 author = {Bryant, Randal E. and O'Hallaron, David R.},
 title = {Computer Systems: A Programmer's Perspective Plus MasteringEngineering with Pearson eText -- Access Card Package},
 year = {2015},
 isbn = {0134123832, 9780134123837},
 edition = {3rd},
 publisher = {Pearson},
}

@article{M2015A,
  title={A \((2+\epsilon )\) -Approximation Algorithm for the Storage Allocation Problem},
  author={MÃ¶mke, Tobias and Wiese, Andreas},
  year={2015},
}

@incollection{karp1972reducibility,
  title={Reducibility among combinatorial problems},
  author={Karp, Richard M},
  booktitle={Complexity of computer computations},
  pages={85--103},
  year={1972},
  publisher={Springer}
}

@misc{ wiki:buddy,
   author = "Wikipedia",
   title = "Buddy memory allocation --- {W}ikipedia{,} The Free Encyclopedia",
   year = "2018",
   url = "\url{https://en.wikipedia.org/wiki/Buddy_memory_allocation}",
 }
